@article{molaei2006host,
  title={Host feeding patterns of Culex mosquitoes and West Nile virus transmission, northeastern United States},
  author={Molaei, Goudarz and Andreadis, Theodore G and Armstrong, Philip M and Anderson, John F and Vossbrinck, Charles R},
  journal={Emerging infectious diseases},
  volume={12},
  number={3},
  pages={468},
  year={2006},
  publisher={Centers for Disease Control and Prevention}
}

@article{ruiz2010local,
  title={Local impact of temperature and precipitation on West Nile virus infection in Culex species mosquitoes in northeast Illinois, USA},
  author={Ruiz, Marilyn O and Chaves, Luis F and Hamer, Gabriel L and Sun, Ting and Brown, William M and Walker, Edward D and Haramis, Linn and Goldberg, Tony L and Kitron, Uriel D},
  journal={Parasit Vectors},
  volume={3},
  number={1},
  pages={19},
  year={2010}
}

